<record><leader>00000cas a2200000 a 4500</leader><controlfield tag="001">16531608</controlfield><controlfield tag="008">870824d19uu1990caudn ne      0    0eng c</controlfield><datafield ind1=" " ind2=" " tag="010"><subfield code="a">sn2011271175</subfield></datafield><datafield ind1=" " ind2=" " tag="040"><subfield code="a">CUZ</subfield><subfield code="b">eng</subfield><subfield code="c">CUZ</subfield><subfield code="d">DLC</subfield><subfield code="d">HUL</subfield><subfield code="d">DLC</subfield><subfield code="d">NSD</subfield><subfield code="d">DLC</subfield><subfield code="d">NSD</subfield><subfield code="d">OCLCQ</subfield><subfield code="d">CNK</subfield><subfield code="d">OCLCQ</subfield><subfield code="d">OCLCF</subfield><subfield code="d">OCLCO</subfield></datafield><datafield ind1=" " ind2=" " tag="042"><subfield code="a">pcc</subfield></datafield><datafield ind1=" " ind2=" " tag="043"><subfield code="a">n-us-ca</subfield></datafield><datafield ind1=" " ind2=" " tag="090"><subfield code="a">K23</subfield><subfield code="b">.A57</subfield></datafield><datafield ind1="0" ind2="0" tag="245"><subfield code="a">San Francisco banner daily journal.</subfield></datafield><datafield ind1=" " ind2=" " tag="260"><subfield code="a">San Francisco, Calif. :</subfield><subfield code="b">[Daily Journal Corp.]</subfield></datafield><datafield ind1=" " ind2=" " tag="300"><subfield code="a">v. :</subfield><subfield code="b">ill. ;</subfield><subfield code="c">56 cm.</subfield></datafield><datafield ind1=" " ind2=" " tag="310"><subfield code="a">Daily (except Sat. and Sun.)</subfield></datafield><datafield ind1="0" ind2=" " tag="362"><subfield code="a">-v. 96, no. 101 (May 21, 1990).</subfield></datafield><datafield ind1=" " ind2=" " tag="525"><subfield code="a">Has supplements: Daily appellate report; and, Jan. 1988, California directory of attorneys; and, July 1988- California attorneys.</subfield></datafield><datafield ind1=" " ind2=" " tag="530"><subfield code="a">Master negatives are available for duplication from:</subfield><subfield code="b">California Newspaper Microfilm Archive;</subfield><subfield code="c">positive copies may be purchased by the reel; for further information consult the CNMA at:</subfield><subfield code="u">http://cbsr.ucr.edu</subfield></datafield><datafield ind1=" " ind2=" " tag="588"><subfield code="a">Description based on: Vol. 93, no. 77 (May 28, 1987).</subfield></datafield><datafield ind1=" " ind2="0" tag="650"><subfield code="a">Law reports, digests, etc.</subfield><subfield code="z">California</subfield><subfield code="v">Newspapers.</subfield></datafield><datafield ind1=" " ind2="0" tag="651"><subfield code="a">San Francisco (Calif.)</subfield><subfield code="v">Newspapers.</subfield></datafield><datafield ind1=" " ind2="7" tag="655"><subfield code="a">Newspapers.</subfield><subfield code="2">fast</subfield><subfield code="0">(OCoLC)fst01423814</subfield></datafield><datafield ind1=" " ind2="7" tag="650"><subfield code="a">Law reports, digests, etc.</subfield><subfield code="2">fast</subfield><subfield code="0">(OCoLC)fst00994106</subfield></datafield><datafield ind1=" " ind2="7" tag="651"><subfield code="a">California.</subfield><subfield code="2">fast</subfield><subfield code="0">(OCoLC)fst01204928</subfield></datafield><datafield ind1=" " ind2="7" tag="651"><subfield code="a">California</subfield><subfield code="z">San Francisco.</subfield><subfield code="2">fast</subfield><subfield code="0">(OCoLC)fst01204481</subfield></datafield><datafield ind1=" " ind2=" " tag="752"><subfield code="a">United States</subfield><subfield code="b">California</subfield><subfield code="c">San Francisco</subfield><subfield code="d">San Francisco.</subfield></datafield><datafield ind1="1" ind2=" " tag="770"><subfield code="t">Daily appellate report</subfield><subfield code="w">(DLC)   88645923</subfield><subfield code="w">(OCoLC)16531600</subfield></datafield><datafield ind1="1" ind2=" " tag="770"><subfield code="t">California directory of attorneys</subfield><subfield code="w">(DLC)   88656074</subfield><subfield code="w">(OCoLC)17405822</subfield></datafield><datafield ind1="1" ind2=" " tag="770"><subfield code="t">California attorneys</subfield><subfield code="x">1046-7777</subfield><subfield code="w">(DLC)   90656581</subfield><subfield code="w">(OCoLC)18270013</subfield></datafield><datafield ind1="0" ind2=" " tag="770"><subfield code="t">Sacramento digest</subfield><subfield code="w">(DLC)   89641686</subfield><subfield code="w">(OCoLC)19053861</subfield></datafield><datafield ind1="0" ind2="0" tag="785"><subfield code="t">San Francisco daily journal (1990)</subfield><subfield code="x">1059-2636</subfield><subfield code="w">(DLC)sn 91004403</subfield><subfield code="w">(OCoLC)22620370</subfield></datafield></record>